<record><leader>00000cas a2200000 i 4500</leader><controlfield tag="001">706472833</controlfield><controlfield tag="008">110309d20042008txudn ne      0    0spa c</controlfield><datafield ind1=" " ind2=" " tag="010"><subfield code="a">  2014240433</subfield></datafield><datafield ind1=" " ind2=" " tag="040"><subfield code="a">TPN</subfield><subfield code="b">eng</subfield><subfield code="e">rda</subfield><subfield code="c">TPN</subfield><subfield code="d">OCLCF</subfield><subfield code="d">IXA</subfield><subfield code="d">OCL</subfield></datafield><datafield ind1=" " ind2=" " tag="042"><subfield code="a">pcc</subfield></datafield><datafield ind1=" " ind2=" " tag="043"><subfield code="a">n-us-tx</subfield></datafield><datafield ind1="0" ind2="0" tag="245"><subfield code="a">Rumbo del Valle.</subfield></datafield><datafield ind1="1" ind2=" " tag="246"><subfield code="a">Rumbo</subfield></datafield><datafield ind1=" " ind2="1" tag="264"><subfield code="a">McAllen, Tex. :</subfield><subfield code="b">Meximerica Media,</subfield><subfield code="c">2004-</subfield></datafield><datafield ind1=" " ind2=" " tag="300"><subfield code="a">volumes :</subfield><subfield code="b">color illustrations ;</subfield><subfield code="c">30-33 cm</subfield></datafield><datafield ind1=" " ind2=" " tag="310"><subfield code="a">Daily (Mon.-Fri.)</subfield></datafield><datafield ind1=" " ind2=" " tag="336"><subfield code="a">text</subfield><subfield code="b">txt</subfield><subfield code="2">rdacontent</subfield></datafield><datafield ind1=" " ind2=" " tag="337"><subfield code="a">unmediated</subfield><subfield code="b">n</subfield><subfield code="2">rdamedia</subfield></datafield><datafield ind1=" " ind2=" " tag="338"><subfield code="a">volume</subfield><subfield code="b">nc</subfield><subfield code="2">rdacarrier</subfield></datafield><datafield ind1="1" ind2=" " tag="362"><subfield code="a">Began with No. 00 (23 de septiembre de 2004); ceased in 2008?</subfield></datafield><datafield ind1=" " ind2=" " tag="500"><subfield code="a">Editor: Jorge Luis Sierra.</subfield></datafield><datafield ind1=" " ind2=" " tag="515"><subfield code="a">Issue for Oct. 6 2004 called no. 0; issues for Oct. 11, 2004- called no. 1-</subfield></datafield><datafield ind1=" " ind2=" " tag="588"><subfield code="a">Description based on: No. 00 (23 de septiembre de 2004).</subfield></datafield><datafield ind1=" " ind2=" " tag="588"><subfield code="a">Latest issue consulted: No. 249 (26 de septiembre de 2005).</subfield></datafield><datafield ind1=" " ind2="0" tag="651"><subfield code="a">McAllen (Tex.)</subfield><subfield code="v">Newspapers.</subfield></datafield><datafield ind1=" " ind2="0" tag="650"><subfield code="a">Hispanic Americans</subfield><subfield code="z">Texas</subfield><subfield code="z">Lower Rio Grande Valley</subfield><subfield code="v">Newspapers.</subfield></datafield><datafield ind1=" " ind2="0" tag="650"><subfield code="a">Mexican Americans</subfield><subfield code="z">Texas</subfield><subfield code="z">Lower Rio Grande Valley</subfield><subfield code="v">Newspapers.</subfield></datafield><datafield ind1=" " ind2="7" tag="655"><subfield code="a">Newspapers.</subfield><subfield code="2">fast</subfield><subfield code="0">(OCoLC)fst01423814</subfield></datafield><datafield ind1=" " ind2="7" tag="650"><subfield code="a">Hispanic Americans.</subfield><subfield code="2">fast</subfield><subfield code="0">(OCoLC)fst00957523</subfield></datafield><datafield ind1=" " ind2="7" tag="650"><subfield code="a">Mexican Americans.</subfield><subfield code="2">fast</subfield><subfield code="0">(OCoLC)fst01019072</subfield></datafield><datafield ind1=" " ind2="7" tag="651"><subfield code="a">Texas</subfield><subfield code="z">Lower Rio Grande Valley.</subfield><subfield code="2">fast</subfield><subfield code="0">(OCoLC)fst01253032</subfield></datafield><datafield ind1=" " ind2="7" tag="651"><subfield code="a">Texas</subfield><subfield code="z">McAllen.</subfield><subfield code="2">fast</subfield><subfield code="0">(OCoLC)fst01221785</subfield></datafield><datafield ind1=" " ind2=" " tag="752"><subfield code="a">United States</subfield><subfield code="b">Texas</subfield><subfield code="c">Hidalgo</subfield><subfield code="d">McAllen.</subfield></datafield><datafield ind1=" " ind2=" " tag="752"><subfield code="a">United States</subfield><subfield code="b">Texas</subfield><subfield code="c">Starr.</subfield></datafield><datafield ind1=" " ind2=" " tag="752"><subfield code="a">United States</subfield><subfield code="b">Texas</subfield><subfield code="c">Cameron.</subfield></datafield></record>